<record><leader>00000cas a22000007a 4500</leader><controlfield tag="001">37395371</controlfield><controlfield tag="008">970801c19909999ncuwr ne      0    0eng d</controlfield><datafield ind1=" " ind2=" " tag="010"><subfield code="a">sn 97064538 </subfield></datafield><datafield ind1=" " ind2=" " tag="040"><subfield code="a">NVJ</subfield><subfield code="b">eng</subfield><subfield code="c">NVJ</subfield><subfield code="d">OCLCQ</subfield></datafield><datafield ind1=" " ind2=" " tag="042"><subfield code="a">msc</subfield></datafield><datafield ind1="0" ind2="0" tag="245"><subfield code="a">Beaufort-Hyde news incorporating the Coastal observer.</subfield></datafield><datafield ind1=" " ind2=" " tag="260"><subfield code="a">Belhaven, N.C. :</subfield><subfield code="b">Tidewater Pub.</subfield></datafield><datafield ind1=" " ind2=" " tag="300"><subfield code="a">v.</subfield></datafield><datafield ind1=" " ind2=" " tag="310"><subfield code="a">Weekly</subfield></datafield><datafield ind1="0" ind2=" " tag="362"><subfield code="a">Vol. 23, no. 6 (Feb. 7, 1990)-</subfield></datafield><datafield ind1=" " ind2=" " tag="752"><subfield code="a">United States</subfield><subfield code="b">North Carolina</subfield><subfield code="c">Beaufort</subfield><subfield code="d">Belhaven.</subfield></datafield><datafield ind1="0" ind2="4" tag="780"><subfield code="t">Beaufort-Hyde news</subfield><subfield code="w">(DLC)sn 95072321</subfield></datafield><datafield ind1="0" ind2="4" tag="780"><subfield code="t">Coastal observer (Belhaven, N.C.)</subfield><subfield code="w">(DLC)sn 97064537</subfield></datafield></record>